<!-- THIS FILE IS AUTOMATICALLY GENERATED - DO NOT EDIT.  To update it, just delete it and it will be regenerated from your test data. -->
<OAI-PMH xmlns="http://www.openarchives.org/OAI/2.0/" xmlns:xsi="http://www.w3.org/2001/XMLSchema-instance" xsi:schemaLocation="http://www.openarchives.org/OAI/2.0/ http://www.openarchives.org/OAI/2.0/OAI-PMH.xsd">
  <responseDate>2017-07-21T14:48:32Z</responseDate>
  <request identifier="oai:archivesspace//repositories/3/resources/1" metadataPrefix="oai_marc" verb="GetRecord">http://your-public-oai-url.example.com</request>
  <GetRecord>
    <record>
      <header>
        <identifier>oai:archivesspace//repositories/3/resources/1</identifier>
        <datestamp>2017-07-21T14:48:21Z</datestamp>
      </header>
      <metadata>
      <collection xmlns="http://www.loc.gov/MARC21/slim" xmlns:xsi="http://www.w3.org/2001/XMLSchema-instance" xsi:schemaLocation="http://www.loc.gov/standards/marcxml/schema/MARC21slim.xsd">
        <record>
          <leader>00000npc a2200000 u 4500</leader>

          <controlfield tag="008">170721i20122016xx                  eng d</controlfield>

          <datafield ind1=" " ind2=" " tag="852">
            <subfield code="a">oai</subfield>

            <subfield code="b">oai_test</subfield>

            <subfield code="c">Resource OAI test 0.OAI.1</subfield>

    </datafield>

          <datafield ind1=" " ind2=" " tag="040">
            <subfield code="a">oai</subfield>

            <subfield code="c">oai</subfield>

            <subfield code="e">aacr</subfield>

    </datafield>

          <datafield ind1="1" ind2="0" tag="245">
            <subfield code="a">Test resource 0</subfield>

            <subfield code="f">2012-06-01 - 2016-06-01</subfield>

    </datafield>

          <datafield ind1="1" ind2=" " tag="100">
            <subfield code="a">Agent, Creator</subfield>

            <subfield code="4">cre</subfield>

    </datafield>

          <datafield ind1="1" ind2="7" tag="600">
            <subfield code="a">Agent, Subject</subfield>

    </datafield>

          <datafield ind1="1" ind2=" " tag="700">
            <subfield code="a">UNPUBLISHED Agent, Creator</subfield>

            <subfield code="4">cre</subfield>

    </datafield>

          <datafield ind1=" " ind2="7" tag="651">
            <subfield code="a">Geographic</subfield>

            <subfield code="z">Subject</subfield>

            <subfield code="2">local</subfield>

    </datafield>

          <datafield ind1=" " ind2="7" tag="650">
            <subfield code="a">Topical</subfield>

            <subfield code="x">Subject</subfield>

            <subfield code="2">local</subfield>

    </datafield>

          <datafield ind1=" " ind2="7" tag="656">
            <subfield code="a">Function</subfield>

            <subfield code="">Subject</subfield>

            <subfield code="2">local</subfield>

    </datafield>

          <datafield ind1=" " ind2="7" tag="656">
            <subfield code="a">Occupation</subfield>

            <subfield code="">Subject</subfield>

            <subfield code="2">local</subfield>

    </datafield>

          <datafield ind1=" " ind2="7" tag="655">
            <subfield code="a">Genre</subfield>

            <subfield code="v">Subject</subfield>

            <subfield code="2">local</subfield>

    </datafield>

          <datafield ind1=" " ind2=" " tag="300">
            <subfield code="a">10 Volumes (Container summary)</subfield>

    </datafield>

          <datafield ind1="0" ind2=" " tag="041">
            <subfield code="a">eng</subfield>

    </datafield>

          <datafield ind1="0" ind2=" " tag="040">
            <subfield code="b">eng</subfield>

    </datafield>

          <datafield ind1="0" ind2=" " tag="049">
            <subfield code="a">eng</subfield>

    </datafield>

          <datafield ind1=" " ind2=" " tag="099">
            <subfield code="a">Resource OAI test 0.OAI.1</subfield>

    </datafield>

          <datafield ind1=" " ind2=" " tag="500">
            <subfield code="a">Physical Description note: physical description note</subfield>

    </datafield>

          <datafield ind1=" " ind2=" " tag="500">
            <subfield code="a">Dimensions: dimensions note</subfield>

    </datafield>

          <datafield ind1=" " ind2=" " tag="546">
            <subfield code="a">language of materials note</subfield>

    </datafield>

          <datafield ind1=" " ind2=" " tag="545">
            <subfield code="a">bioghist note</subfield>

    </datafield>

          <datafield ind1="2" ind2=" " tag="520">
            <subfield code="a">scope and contents note</subfield>

    </datafield>

          <datafield ind1="3" ind2=" " tag="520">
            <subfield code="a">abstract note</subfield>

    </datafield>

          <datafield ind1=" " ind2=" " tag="500">
            <subfield code="a">general note</subfield>

    </datafield>

          <datafield ind1=" " ind2=" " tag="351">
            <subfield code="b">arrangement note</subfield>

    </datafield>

          <datafield ind1="1" ind2=" " tag="535">
            <subfield code="a">existence and location of originals note</subfield>

    </datafield>

          <datafield ind1="2" ind2=" " tag="535">
            <subfield code="a">existence and location of copies note</subfield>

    </datafield>

          <datafield ind1=" " ind2=" " tag="500">
            <subfield code="a">Materials Separated from the Resource: separated materials note</subfield>

    </datafield>

          <datafield ind1=" " ind2=" " tag="544">
            <subfield code="a">related materials note</subfield>

    </datafield>

          <datafield ind1=" " ind2=" " tag="506">
            <subfield code="a">conditions governing access note</subfield>

    </datafield>

          <datafield ind1=" " ind2=" " tag="540">
            <subfield code="a">conditions governing use note</subfield>

    </datafield>

          <datafield ind1="1" ind2=" " tag="541">
            <subfield code="a">immediate source of acquisition note</subfield>

    </datafield>

          <datafield ind1="1" ind2=" " tag="561">
            <subfield code="a">custodial history note</subfield>

    </datafield>

          <datafield ind1=" " ind2=" " tag="500">
            <subfield code="a">Physical Characteristics / Technical Requirements: physical characteristics and technical requirements note</subfield>

    </datafield>

          <datafield ind1="8" ind2=" " tag="524">
            <subfield code="a">preferred citation note</subfield>

    </datafield>

          <datafield ind1=" " ind2=" " tag="500">
            <subfield code="a">Processing Information: processing information note</subfield>

    </datafield>

          <datafield ind1=" " ind2=" " tag="584">
            <subfield code="a">UNPUBLISHED NOTE - top-level</subfield>

    </datafield>

          <datafield ind1=" " ind2=" " tag="584">
            <subfield code="a">Published part</subfield>

    </datafield>

          <datafield ind1=" " ind2=" " tag="500"/>


          <datafield ind1=" " ind2=" " tag="555">
            <subfield code="a">Finding aid online:</subfield>

            <subfield code="u">EAD Location</subfield>

    </datafield>

          <datafield ind1="4" ind2="2" tag="856">
            <subfield code="z">Finding aid online:</subfield>

            <subfield code="u">EAD Location</subfield>

    </datafield>

  </record>

</collection>

</metadata>
    </record>
  </GetRecord>
</OAI-PMH>
